@article{muller2010adaptive,
  title={An adaptive discontinuous Galerkin method for modeling cumulus clouds},
  author={M{\"u}ller, Andreas and Behrens, J{\"o}rn and Giraldo, Francis X and Wirth, Volkmar},
  year={2010}
}

@article{dumbser2016simple,
  title={A simple robust and accurate a posteriori sub-cell finite volume limiter for the discontinuous Galerkin method on unstructured meshes},
  author={Dumbser, Michael and Loub{\`e}re, Rapha{\"e}l},
  journal={Journal of Computational Physics},
  volume={319},
  pages={163--199},
  year={2016},
  publisher={Elsevier}
}

@article{dumbser2008unified,
  title={A unified framework for the construction of one-step finite volume and discontinuous Galerkin schemes on unstructured meshes},
  author={Dumbser, Michael and Balsara, Dinshaw S and Toro, Eleuterio F and Munz, Claus-Dieter},
  journal={Journal of Computational Physics},
  volume={227},
  number={18},
  pages={8209--8253},
  year={2008},
  publisher={Elsevier}
}

@article{dumbser2010arbitrary,
  title={Arbitrary high order PNPM schemes on unstructured meshes for the compressible Navier--Stokes equations},
  author={Dumbser, Michael},
  journal={Computers \& Fluids},
  volume={39},
  number={1},
  pages={60--76},
  year={2010},
  publisher={Elsevier}
}