@inproceedings{krenz2019high,
  title={A high-order discontinuous Galerkin solver with dynamic adaptive mesh refinement to simulate cloud formation processes},
  author={Krenz, Lukas and Rannabauer, Leonhard and Bader, Michael},
  booktitle={International Conference on Parallel Processing and Applied Mathematics},
  pages={311--323},
  year={2019},
  organization={Springer}
}